<?xml version="1.0" encoding="UTF-8"?><collection xmlns="http://www.loc.gov/MARC21/slim"><record><leader>00354nam--2200133-i-4500</leader><controlfield tag="001">000041832</controlfield><controlfield tag="002">20161230</controlfield><controlfield tag="005">20161230201043</controlfield><controlfield tag="008">060222s1000------------r-----000-0-eng-d</controlfield><datafield ind1=" " ind2=" " tag="100"><subfield code="a">Slater,L.J</subfield></datafield><datafield ind1=" " ind2=" " tag="245"><subfield code="a">Confluent hypergeometric functions</subfield></datafield><datafield ind1=" " ind2=" " tag="260"><subfield code="a">Cambridge, The Univ.Press, 1960. Ix + 247 P</subfield></datafield><datafield ind1=" " ind2=" " tag="852"><subfield code="a">14238</subfield><subfield code="c">517.5</subfield></datafield><datafield ind1=" " ind2=" " tag="CAT"><subfield code="a">Sys</subfield><subfield code="c">20080730</subfield><subfield code="h">085019</subfield></datafield></record></collection>